@book{Vladimirov:1994zz,
author = {Vladimirov, V S and Volovich, I V and Zelenov, E I},
isbn = {9789810208806},
publisher = {World Scientific},
series = {Series on Soviet and East European mathematics},
title = {{$p$-adic Analysis and Mathematical Physics}},
url = {https://books.google.com/books?id=bp7Ui_jtlfMC},
year = {1994}
}
